<record><leader>00000cas a22000007a 4500</leader><controlfield tag="001">22745975</controlfield><controlfield tag="008">901128d19621992mauwr ne      0    0eng d</controlfield><datafield ind1=" " ind2=" " tag="010"><subfield code="a">sn 89063376 </subfield></datafield><datafield ind1=" " ind2=" " tag="040"><subfield code="a">MGN</subfield><subfield code="b">eng</subfield><subfield code="c">MGN</subfield><subfield code="d">NSD</subfield><subfield code="d">OCLCQ</subfield></datafield><datafield ind1=" " ind2=" " tag="042"><subfield code="a">msc</subfield></datafield><datafield ind1="0" ind2=" " tag="130"><subfield code="a">Merrimack Valley advertiser (Tewksbury, Mass.)</subfield></datafield><datafield ind1="1" ind2="4" tag="245"><subfield code="a">The Merrimack Valley advertiser.</subfield></datafield><datafield ind1=" " ind2=" " tag="260"><subfield code="a">Tewksbury, Mass. :</subfield><subfield code="b">Merrimack Valley Pub. Co.</subfield></datafield><datafield ind1=" " ind2=" " tag="300"><subfield code="a">v.</subfield></datafield><datafield ind1=" " ind2=" " tag="310"><subfield code="a">Weekly</subfield></datafield><datafield ind1="0" ind2=" " tag="362"><subfield code="a">Vol. 6, no. 41 (July 26, 1962)-v. 36, no. 9 (Feb. 26, 1992).</subfield></datafield><datafield ind1=" " ind2=" " tag="500"><subfield code="a">Coverage varies: Tewksbury, 1962-Apr. 2, 1986 and Aug. 8, 1990-Feb. 26, 1992; Tewksbury and Wilmington, Apr. 9, 1986-Aug. 1, 1990.</subfield></datafield><datafield ind1=" " ind2=" " tag="752"><subfield code="a">United States</subfield><subfield code="b">Massachusetts</subfield><subfield code="c">Middlesex</subfield><subfield code="d">Tewksbury.</subfield></datafield><datafield ind1=" " ind2=" " tag="752"><subfield code="a">United States</subfield><subfield code="b">Massachusetts</subfield><subfield code="c">Middlesex</subfield><subfield code="d">Billerica.</subfield></datafield><datafield ind1=" " ind2=" " tag="752"><subfield code="a">United States</subfield><subfield code="b">Massachusetts</subfield><subfield code="c">Middlesex</subfield><subfield code="d">Burlington.</subfield></datafield><datafield ind1=" " ind2=" " tag="752"><subfield code="a">United States</subfield><subfield code="b">Massachusetts</subfield><subfield code="c">Middlesex</subfield><subfield code="d">Wilmington.</subfield></datafield><datafield ind1="0" ind2=" " tag="775"><subfield code="t">Merrimack Valley advertiser (Tewksbury, Mass. : Billerica ed.)</subfield><subfield code="w">(DLC)sn 89063377</subfield></datafield><datafield ind1="0" ind2=" " tag="775"><subfield code="t">Merrimack Valley advertiser (Tewksbury, Mass. : Chelmsford Lowell ed.)</subfield><subfield code="w">(DLC)sn 89063413</subfield></datafield><datafield ind1="0" ind2=" " tag="775"><subfield code="t">Merrimack Valley advertiser (Tewksbury, Mass. : Westford ed.)</subfield><subfield code="w">(DLC)sn 89063414</subfield></datafield><datafield ind1="0" ind2="0" tag="780"><subfield code="t">Times advertiser (Tewksbury, Mass.)</subfield><subfield code="w">(DLC)sn 89063375</subfield></datafield><datafield ind1="0" ind2="7" tag="780"><subfield code="t">Merrimack Valley advertiser (Tewksbury, Mass. : Wilmington ed.)</subfield><subfield code="w">(DLC)sn 94055642</subfield></datafield><datafield ind1="0" ind2="0" tag="785"><subfield code="t">Tewksbury advertiser</subfield><subfield code="x">1082-2291</subfield><subfield code="w">(DLC)sn 94055641</subfield></datafield></record>